@book{nathanuniversity,
  title={Create Your Own Programming Language. \htmladdnormallink{http://nathansuniversity.com/}{http://nathansuniversity.com/}},
  author={Nathan Whitehead},
  url={http:http://nathansuniversity.com/},
  year={2012},
}

@book{nathanclosures,
  title={What's a Closure?. \htmladdnormallink{http://nathansjslessons.appspot.com/}{http://nathansjslessons.appspot.com/}},
  author={Nathan Whitehead},
  url={http://nathansjslessons.appspot.com/},
  year={2012},
}

@book{coffeescriptcookbook,
  title={CoffeeScript Cookbook},
  author={iBrady, D. et al.},
  url={http://coffeescriptcookbook.com/},
  year={2012},
}

@book{mogensen2011introduction,
  title={Introduction to compiler design},
  author={Mogensen, T. and Mogensen, T.A.},
  isbn={9780857298294},
  lccn={2011933601},
  series={Undergraduate topics in computer science},
  url={http://books.google.es/books?id=KvDustn1eikC},
  year={2011},
  publisher={Springer London, Limited}
}

@book{Muchnick:1998:ACD:286076,
 author = {Muchnick, Steven S.},
 title = {Advanced compiler design and implementation},
 year = {1997},
 isbn = {1-55860-320-4},
 publisher = {Morgan Kaufmann Publishers Inc.},
 address = {San Francisco, CA, USA},
} 

@book{osmani2012learning,
  title={{\htmladdnormallink{Learning JavaScript Design Patterns}{http://addyosmani.com/resources/essentialjsdesignpatterns/book/}}},
  author={Osmani, A.},
  isbn={9781449331818},
  lccn={2012472506},
  series={Oreilly and Associate Series},
  url={http://books.google.es/books?id=JYPEgK-1bZoC},
  year={2012},
  publisher={O'Reilly Media, Incorporated}
}

@book{wilson2008beautiful,
  title={Beautiful Code: Leading Programmers Explain How They Think},
  author={Wilson, G. and Oram, A.},
  isbn={9780596554675},
  url={http://books.google.es/books?id=gJrmszNHQV4C},
  year={2008},
  publisher={O'Reilly Media}
}

@book{pilgrimhtml5,
  title={{\htmladdnormallink{Dive into HTML5}{http://diveinto.html5doctor.com/index.html}}},
  author={Pilgrim, Mark},
  url={http://diveinto.html5doctor.com/index.html},
  year={2013},
  publisher={http://diveinto.html5doctor.com/index.html}
}

@book{holzner2003sams,
  title={Sams Teach Yourself Xml in 21 Days},
  author={Holzner, S.},
  isbn={9780672325762},
  lccn={2003110401},
  series={Sams Teach Yourself},
  url={http://books.google.es/books?id=q8XqByA2dXYC},
  year={2003},
  publisher={Sams}
}
@book{RPL,
 author = {Flanagan, David and Matsumoto, Yukihiro},
 title = {The Ruby Programming Language},
 year = {2008},
 isbn = {9780596516178},
 edition = {First},
 publisher = {O'Reilly. \htmladdnormallink{http://www.netpro.me/uploads}{http://www.netpro.me/uploads/1/0/8/7/10874032/oreilly.the.ruby.programming.language.jan.2008.pdf}},
} 

@book{RBP,
 author = {Brown, Gregory T.},
 title = {Ruby Best Practices},
 year = {2009},
 isbn = {0596523009, 9780596523008},
 edition = {1st},
 publisher = {O'Reilly Media, Inc. \htmladdnormallink{http://www.humbug.in/docs/ruby-best-practices/index.html}{http://www.humbug.in/docs/ruby-best-practices/index.html}},
} 

@book{metaprogramming,
 author = {Paolo Perrota},
 title = {Metaprogramming Ruby},
 year = {2010},
 isbn = {1-934356-47-6},
 publisher = {The Pragmatic programmers }
}

@book{ER,
 author = {Olsen, Russ},
 title = {Eloquent Ruby},
 year = {2011},
 isbn = {0321584104, 9780321584106},
 edition = {1st},
 publisher = {Addison-Wesley Professional},
} 

@book{PRP,
 author = {Thomas, Dave and Fowler, Chad and Hunt, Andy},
 title = {Programming Ruby 1.9: The Pragmatic Programmers' Guide},
 year = {2009},
 isbn = {1934356085, 9781934356081},
 edition = {3rd},
 publisher = {Pragmatic Bookshelf},
} 

@book{DPR,
 author = {Olsen, Russ},
 title = {Design Patterns in Ruby},
 year = {2008},
 publisher = {Addison-Wesley Professional},
} 

@book{GO4,
 author = {Gamma, Erich and Helm, Richard and Johnson, Ralph and Vlissides, John},
 title = {Design Patterns: Elements of Reusable Object-Oriented Software},
 year = {1995},
 publisher = {Addison-Wesley},
} 

@book{RHG,
 author = {Matsumoto et al.},
 title = {The Ruby Hacking Guide},
 publisher = {\htmladdnormallink{http://rhg.rubyforge.org/}{http://rhg.rubyforge.org/}},
} 

@article{aaltomwad,
  author = {Claudio Riva and Mikael Blomberg and Häkan Mitts},
  title = {{\it Mobile Web Applications Development with HTML5}},
  journal = {\htmladdnormallink{http://aaltowebapps.com/index.html}{http://aaltowebapps.com/index.html}},
  year = {2012},
  publisher = {Aalto University. Finland},
  address = {http://www.aalto.fi/en/},
}

@article{yacc,
  author = {Stephen C. Johnson and Ravi Sethi},
  title = {{Y}acc: a {P}arser {G}enerator},
  journal = {UNIX Vol. II: research system (10th ed.)},
  year = {1990},
  isbn = {0-03-047529-5},
  pages = {347--374},
  publisher = {W. B. Saunders Company},
  address = {Philadelphia, PA, USA},
}

@article{ledgard,
 author = {Henry F. Ledgard},
 title = {Ten mini-languages in need of formal definition},
 journal = {SIGPLAN Not.},
 volume = {5},
 number = {4-5},
 year = {1970},
 issn = {0362-1340},
 pages = {14--37},
 doi = {http://doi.acm.org/10.1145/987438.987440},
 publisher = {ACM},
 address = {New York, NY, USA},
}

@article{iburg,
  author = { C. W. Fraser and D. R. Hanson and T. A. Proebsting },
  title = {{E}ngineering a {S}imple, {E}fficient {C}ode {G}enerator {G}enerator},
  journal = {ACM Letters on Programming Languages and Systems},
  volume          = {1},
  number          = {3},
  year = {1992},
  pages = {213-226},
  URL = {http://www.cs.princeton.edu/software/iburg/},
}

@BOOK{sqlitetutorial,
  AUTHOR = {Mike Chirico},
  TITLE = {{SQLite Tutorial}},
  PUBLISHER = {{\tt http://souptonuts.sourceforge.net/readme\_sqlite\_tutorial.html}},
  YEAR = 2004,
  URL = {http://souptonuts.sourceforge.net/readme\_sqlite\_tutorial.html},
}


@BOOK{CasianoIntroAPerl,
  AUTHOR = {Casiano Rodriguez Leon},
  TITLE = {{Perl: Fundamentos}},
  PUBLISHER = {{\tt http://nereida.deioc.ull.es/\~{}lhp/perlexamples/}},
  YEAR = 2001,
  URL = {http://nereida.deioc.ull.es/\~{}lhp/perlexamples/},
}


@book{aho,
    author    = {Alfred V. Aho and Ravi Sethi and Jeffrey D. Ullman},
    title     = {Compilers: Princiles, Techniques, and Tools.},
    publisher = {Addison-Wesley},
    year      = {1986},
    isbn      = {0-201-10088-6},
    bibsource = {DBLP, http://dblp.uni-trier.de}
}

@book{dominus2005,
    author    = {Mark Jason Dominus},
    title     = {Higher-Order Perl},
    publisher = {Morgan Kaufmann Publishers},
    year      = {2005},
    isbn      = {1-55860-701-3},
}

@book{casiano98,
    author    = {Rodriguez-León, Casiano},
    title     = {El Diseño y Análisis de Algoritmos Paralelos},
    publisher = {Gobierno de Canarias, DGUI},
    year      = {1998},
    isbn      = {84-8416-220-6},
    URL = {http://nereida.deioc.ull.es/\~{}casiano/book/cap3redes.pdf},
}

@Book{Lib95,
  author =  "D. Libes",
  title = "Exploring Expect",
  publisher = "O'Reilly and Associates",
  year =  "1995",
  keyword = "scripting language",
}

@BOOK{bausch,
  AUTHOR = {Paul Bausch},
  TITLE = {Amazon Hacks },
  PUBLISHER = {O'Reilly},
  YEAR = 2003,
  ABSTRACT = {Amazon}
}


@book{power,
 author = {Jerry Peek and Tim O'Reilly and Dale Dougherty and Mike Loukides and Chris Torek and Bruce Barnett and Jonathan Kamens and Gene Spafford and Simson Garfinkel},
 title = {UNIX power tools},
 year = {1993},
 isbn = {0-553-35402-7},
 publisher = {Bantam Books, Inc.},
 address = {New York, NY, USA},
 }

@book{sedawk,
 author = {Dale Dougherty},
 title = {Sed and AWK},
 year = {1991},
 isbn = {0937175595},
 publisher = {O'Reilly \& Associates, Inc.},
 address = {Sebastopol, CA, USA},
 }


@BOOK{friedl,
  AUTHOR = {Friedl, Jefrrey E.F.},
  TITLE = {Mastering Regular Expressions},
  PUBLISHER = {O'Reilly},
  YEAR = 1997,
  ADDRESS = {USA},
  NOTE = {ISBN 1-56592-257-3},
  URL = {},
  ABSTRACT = {}
}


@BOOK{desarmenien,
  AUTHOR = {Francois Desarmenien},
  TITLE = {Parse::Yapp, Perl extension for generating and using LALR parsers},
  PUBLISHER = {CPAN},
  YEAR = 2001,
}

@BOOK{luke,
  AUTHOR = {Luke Palmer},
  TITLE = {Language::AttributeGrammar, Attribute grammars for doing computations over trees},
  PUBLISHER = {CPAN},
  YEAR = 2006,
}


@Book{toth,
  author =       "S. Martello and P. Toth",
  title =        "Knapsack Problems",
  publisher =    "John Wiley and Sons",
  address =      "Chichester",
  year =         "1990",
}

@Book{grune,
  author =       "D. Grune and H. E. Bal and C.J.H. Jacobs and K.G. Langendoen",
  title =        "Modern Compiler Design",
  publisher =    "John Wiley and Sons",
  address =      "Chichester",
  year =         "2001",
}

@book{svn,
	author = {Michael Pilato},
	title = {Version Control With Subversion},
	year = {2004},
	isbn = {0596004486},
	publisher = {O'Reilly \& Associates, Inc. {\tt http://svnbook.red-bean.com/en/1.4/svn-book.html}},
	address = {Sebastopol, CA, USA},
}

@inproceedings{Proebsting,
  author    = {Todd A. Proebsting},
  title     = {BURG, IBURG, WBURG, GBURG: so many trees to rewrite, so little time {\it (invited talk)}.},
  booktitle = {ACM SIGPLAN Workshop on Rule-Based Programming},
  year      = {2002},
  pages     = {53-54},
  ee        = {http://doi.acm.org/10.1145/570186.570191},
  bibsource = {DBLP, http://dblp.uni-trier.de}
}

@ARTICLE{simoes,
  author          = {Alberto Manuel Simoes},
  title           = {{C}ooking {P}erl with flex},
  year            = {2002},
  month           = {May},
  journal         = {The Perl Review},
  volume          = {0},
  number          = {3},
}

@book{perltesting,
 author = {Ian Langworth and  chromatic},
 title = {Perl Testing: A Developer's Notebook},
 year = {2005},
 isbn = {0596100922},
 publisher = {O'Reilly Media, Inc.},
 }

@book{eloquentjavascript,
  title={Eloquent JavaScript: A Modern Introduction to Programming},
  author={Haverbeke, M.},
  isbn={9781593272821},
  lccn={2010032246},
  series={No Starch Press Series},
  url={http://books.google.es/books?id=9U5I\_tskq9MC},
  year={2011},
  publisher={No Starch Press}
}

@book{learningnode,
  title={Learning Node},
  author={Powers, S.},
  isbn={9781449323073},
  series={Oreilly and Associate Series},
  url={http://books.google.es/books?id=F3-hEXe2-s0C},
  year={2012},
  publisher={O'Reilly Media, Incorporated}
}
